<record xmlns="http://www.loc.gov/MARC21/slim" xmlns:xsi="http://www.w3.org/2001/XMLSchema-instance" xsi:schemaLocation="http://www.loc.gov/MARC21/slim http://www.loc.gov/standards/marcxml/schema/MARC21slim.xsd"><leader>     nam a22        4500</leader><controlfield tag="001">001681216</controlfield><controlfield tag="003">NNU</controlfield><controlfield tag="006">m        d        </controlfield><controlfield tag="007">cr cn |||m|||a</controlfield><controlfield tag="008">150313s1919    ua a    o     000 0 ara d</controlfield><datafield ind1=" " ind2=" " tag="040"><subfield code="a">NNU</subfield><subfield code="b">eng</subfield><subfield code="c">NNU</subfield></datafield><datafield ind1="1" ind2=" " tag="100"><subfield code="a">Mi&#7779;r&#299;, &#699;Abd al-&#7716;al&#299;m.</subfield></datafield><datafield ind1="1" ind2="0" tag="245"><subfield code="a">Mu&#7717;ammad &#699;Al&#299; al-Kab&#299;r</subfield><subfield code="h">[electronic resource] :</subfield><subfield code="b">munshi&#700; Mi&#7779;r al-&#7717;ad&#299;thah /</subfield><subfield code="c">na&#7827;m &#699;Abd al-&#7716;al&#299;m al-Mi&#7779;r&#299;.</subfield></datafield><datafield ind1=" " ind2=" " tag="260"><subfield code="a">Mi&#7779;r :</subfield><subfield code="b">Ma&#7789;ba&#699;at Ma&#7789;ar,</subfield><subfield code="c">[1919]</subfield></datafield><datafield ind1=" " ind2=" " tag="300"><subfield code="a">online resource (60 p.) :</subfield><subfield code="b">ill.</subfield></datafield><datafield ind1=" " ind2=" " tag="500"><subfield code="a">Poems.</subfield></datafield><datafield ind1=" " ind2=" " tag="500"><subfield code="a">Part of the Arabic Collections Online (ACO) project, contributed by New York Univeristy Libraries.</subfield></datafield><datafield ind1=" " ind2=" " tag="533"><subfield code="a">Electronic reproduction.</subfield><subfield code="b">New York, N.Y. :</subfield><subfield code="c">New York University,</subfield><subfield code="d">2015.</subfield><subfield code="5">NNU</subfield></datafield><datafield ind1="0" ind2="0" tag="600"><subfield code="a">Mu&#7717;ammad &#699;Al&#299; B&#257;sh&#257;,</subfield><subfield code="c">Governor of Egypt,</subfield><subfield code="d">1769-1849.</subfield></datafield><datafield ind1="2" ind2=" " tag="710"><subfield code="a">New York University.</subfield><subfield code="b">Libraries.</subfield></datafield><datafield ind1="0" ind2=" " tag="730"><subfield code="a">Arabic Collections Online.</subfield></datafield><datafield ind1="0" ind2="8" tag="776"><subfield code="i">Print version:</subfield><subfield code="a">Mi&#7779;r&#299;, &#699;Abd al-&#7716;al&#299;m.</subfield><subfield code="t">Mu&#7717;ammad &#699;Al&#299; al-Kab&#299;r</subfield><subfield code="w">(NNU)001681216</subfield></datafield><datafield ind1="4" ind2="0" tag="856"><subfield code="u">http://hdl.handle.net/2333.1/msbcc4x0</subfield></datafield><datafield ind1=" " ind2=" " tag="959"><subfield code="a">NNU</subfield><subfield code="b">WEB</subfield><subfield code="c">GENI</subfield><subfield code="t">0</subfield><subfield code="m">Electronic access</subfield><subfield code="s">01</subfield></datafield><datafield ind1=" " ind2=" " tag="999"><subfield code="i">NNU_001681216</subfield><subfield code="s">nyu_aco000539</subfield><subfield code="e">(ERROR-880)</subfield></datafield></record>